<record><leader>00000cas a22000007a 4500</leader><controlfield tag="001">9541356</controlfield><controlfield tag="008">830524d18851892ohudr ne      0    0eng d</controlfield><datafield ind1=" " ind2=" " tag="010"><subfield code="a">sn 83035145 </subfield></datafield><datafield ind1=" " ind2=" " tag="040"><subfield code="a">NPY</subfield><subfield code="b">eng</subfield><subfield code="c">NPY</subfield><subfield code="d">NPV</subfield><subfield code="d">DLC</subfield><subfield code="d">NPI</subfield><subfield code="d">ONP</subfield><subfield code="d">MGN</subfield><subfield code="d">NVF</subfield><subfield code="d">OCLCQ</subfield><subfield code="d">CRL</subfield><subfield code="d">OCLCQ</subfield><subfield code="d">OCLCA</subfield><subfield code="d">OCLCF</subfield></datafield><datafield ind1="1" ind2=" " tag="029"><subfield code="a">AU@</subfield><subfield code="b">000025839360</subfield></datafield><datafield ind1=" " ind2=" " tag="042"><subfield code="a">msc</subfield></datafield><datafield ind1=" " ind2=" " tag="043"><subfield code="a">n-us-oh</subfield></datafield><datafield ind1="0" ind2="0" tag="050"><subfield code="a">Newspaper 9214-X</subfield></datafield><datafield ind1="0" ind2="4" tag="245"><subfield code="a">The Cleveland leader and morning herald.</subfield></datafield><datafield ind1="3" ind2="0" tag="246"><subfield code="a">Leader and herald</subfield></datafield><datafield ind1=" " ind2=" " tag="260"><subfield code="a">Cleveland [Ohio] :</subfield><subfield code="b">Cleveland Leader Pub. Co.,</subfield><subfield code="c">1885-1892.</subfield></datafield><datafield ind1=" " ind2=" " tag="300"><subfield code="a">v.</subfield></datafield><datafield ind1=" " ind2=" " tag="310"><subfield code="a">Daily</subfield></datafield><datafield ind1="0" ind2=" " tag="362"><subfield code="a">Vol. 38, no. 75 (Mar. 16, 1885)-v. 45, no. 45 (Feb. 14, 1892).</subfield></datafield><datafield ind1=" " ind2=" " tag="500"><subfield code="a">Republican.</subfield></datafield><datafield ind1=" " ind2=" " tag="530"><subfield code="a">Also issued on microfilm from Ohio Historical Society.</subfield></datafield><datafield ind1=" " ind2=" " tag="580"><subfield code="a">Weekly eds.: Cleveland weekly leader and herald, 1885-1891, and: Cleveland weekly leader (Cleveland, Ohio : 1891), 1891-1892.</subfield></datafield><datafield ind1=" " ind2=" " tag="588"><subfield code="a">Latest issue consulted: Vol. 45, no. 45 (Feb. 14, 1892).</subfield></datafield><datafield ind1=" " ind2="0" tag="651"><subfield code="a">Cleveland (Ohio)</subfield><subfield code="v">Newspapers.</subfield></datafield><datafield ind1=" " ind2="0" tag="651"><subfield code="a">Cuyahoga County (Ohio)</subfield><subfield code="v">Newspapers.</subfield></datafield><datafield ind1=" " ind2="7" tag="655"><subfield code="a">Newspapers.</subfield><subfield code="2">fast</subfield><subfield code="0">(OCoLC)fst01423814</subfield></datafield><datafield ind1=" " ind2="7" tag="651"><subfield code="a">Ohio</subfield><subfield code="z">Cleveland.</subfield><subfield code="2">fast</subfield><subfield code="0">(OCoLC)fst01205966</subfield></datafield><datafield ind1=" " ind2="7" tag="651"><subfield code="a">Ohio</subfield><subfield code="z">Cuyahoga County.</subfield><subfield code="2">fast</subfield><subfield code="0">(OCoLC)fst01202752</subfield></datafield><datafield ind1=" " ind2=" " tag="752"><subfield code="a">United States</subfield><subfield code="b">Ohio</subfield><subfield code="c">Cuyahoga</subfield><subfield code="d">Cleveland.</subfield></datafield><datafield ind1="0" ind2=" " tag="775"><subfield code="t">Cleveland tri-weekly leader and herald</subfield></datafield><datafield ind1="1" ind2=" " tag="775"><subfield code="t">Cleveland weekly leader and herald</subfield><subfield code="w">(DLC)sn 83035137</subfield></datafield><datafield ind1="1" ind2=" " tag="775"><subfield code="t">Cleveland weekly leader (Cleveland, Ohio : 1891)</subfield><subfield code="w">(DLC)sn 83035138</subfield></datafield><datafield ind1="0" ind2="4" tag="780"><subfield code="t">Cleveland herald (Cleveland, Ohio : 1880 : Morning ed.)</subfield><subfield code="w">(DLC)sn 84028783</subfield></datafield><datafield ind1="0" ind2="4" tag="780"><subfield code="t">Cleveland leader (Cleveland, Ohio : 1874)</subfield><subfield code="w">(DLC)sn 85038697</subfield></datafield><datafield ind1="0" ind2="0" tag="785"><subfield code="t">Cleveland leader (Cleveland, Ohio : 1892)</subfield><subfield code="w">(DLC)sn 83035146</subfield><subfield code="w">(OCoLC)9541380</subfield></datafield></record>